%% This BibTeX bibliography file was created using BibDesk.
%% http://bibdesk.sourceforge.net/


%% Created for Marvin Rausand at 2011-06-16 13:34:49 +0200 


%% Saved with string encoding Western (Windows Latin 1) 


@ARTICLE{sarpeshkar12, 
    author={{Sarpeshkar, R.}}, 
    journal={Circuits and Systems II: Express Briefs, IEEE Transactions on}, 
    title={Universal Principles for Ultra Low Power and Energy Efficient Design}, 
    year={2012}, 
    volume={59}, 
    number={4}, 
    pages={193-198}, 
    keywords={energy conservation;integrated circuit design;low-power electronics;energy efficient design;information-based principles;physical devices;practical electronic systems;ultra low power design;universal principles;Computer architecture;Encoding;Low-power electronics;Noise;Power demand;Robustness;Topology;Design principles;energy efficient;information;low power}, 
    doi={10.1109/TCSII.2012.2188451}, 
    ISSN={1549-7747}, 
    month={April},
}

@article{holberg06,
	Author = {Arne Martin Holberg and Asmund Saetre},
	Title = {Innovative Techniques for Extremely Low Power Consumption with 8-bit Microcontrollers},
	Volume = {1},
	Year = {2006}
}

@article{fischer15,
	Author = {Fischer, Andreas C. and Forsberg, Fredrik and Lapisa, Martin and Bleiker, Simon J. and Stemme, Göran and Roxhed, Niclas and Niklaus, Frank},
	Date-Added = {2015/05/28/online},
	Date-Modified = {2015/05/28/online},
	Journal = {Microsystems \& Nanoengineering},
	Pages = {1208--1217},
	Title = {Integrating MEMS and ICs},
	Volume = {1},
	Year = {2015}
}
	
@article{lundteigen08,
	Author = {Lundteigen, Mary Ann and Rausand, Marvin},
	Date-Added = {2011-06-16 13:34:45 +0200},
	Date-Modified = {2011-06-16 13:34:45 +0200},
	Journal = {Reliability Engineering and System Safety},
	Pages = {1208--1217},
	Title = {Spurious activation of safety instrumented systems in the oil and gas industry: Basic concepts and formulas},
	Volume = {93},
	Year = {2008}
}
	
@misc{mckinsey15,
  author = {{McKinsey \& Company}},
  title = {{Unlocking the potential of the Internet of Things}},
  howpublished = "\url{http://www.mckinsey.com/insights/business_technology/the_internet_of_things_the_value_of_digitizing_the_physical_world}",
  year = {2015}, 
  note = "[Online; accessed 30-September-2015]"
}

@misc{ball03,
  author = {{Stuart Ball}},
  title = {{Introduction to direct memory access}},
  howpublished = "\url{http://www.embedded.com/electronics-blogs/beginner-s-corner/4024879/Introduction-to-direct-memory-access}",
  year = {2003}, 
  note = "[Online; accessed 28-September-2015]"
}

@misc{elert98,
  author = {{Glenn Elert}},
  title = {{The physics hypertextbook - Acceleration}},
  howpublished = "\url{http://physics.info/acceleration/}",
  year = {1998}, 
  note = "[Online; accessed 04-December-2015]"
}

@misc{moldsvor15,
  author        = {Øystein Moldsvor},
  howpublished  = {private communication},
  year          = {2015}
}

@misc{webopedia,
  author = {{Forrest Stroud}},
  title = {{IoT - Internet of Things}},
  howpublished = "\url{http://www.webopedia.com/TERM/I/internet_of_things.html}",
  year = {2015}, 
  note = "[Online; accessed 30-September-2015]"
}

@misc{wigmore12,
author = {{Ivy Wigmore}},
title = {{Sensor}},
howpublished = "\url{http://whatis.techtarget.com/definition/sensor}",
year = {2012},
month = {07},
note = "[Online; accessed 27-October-2015]"
}

@misc{embedded_IoT,
  author = {Joy Weiss, Ross Yu, Jonathan Simon},
  title = {{The importance of low power sensing for the Internet of Things}},
  howpublished = "\url{http://www.embedded.com/print/4422207}",
  year = {2013}, 
  note = "[Online; accessed 27-October-2015]"
}


@misc{static_dynamic_power,
author = {{Abul Sarwar}},
organization = {Texas Instruments},
title = {{CMOS Power Consumption}},
howpublished = "\url{http://www.ti.com/lit/an/scaa035b/scaa035b.pdf}",
year = {1997},
note = "[Online; accessed 27-October-2015]"
}


@misc{analog12,
  author  = {{Analog Devices}},
  organization = {Analog Devices},
  title = {{Analog Devices Introduces Industry's Lowest Power MEMS Accelerometer}},
  howpublished = "\url{http://investor.analog.com/releasedetail.cfm?releaseid=679488}",
  year = {2012}, 
  month = {06},
  note = "[Online; accessed 29-September-2015]"
}

@misc{freescale_accel_guide,
  author = {{Freescale Semiconductor}},
  title = {{Accelerometer Terminology Guide}},
  howpublished = "\url{http://cache.freescale.com/files/sensors/doc/support_info/SENSORTERMSPG.pdf}",
  year = {2007}, 
  note = "[Online; accessed 01-October-2015]"
}

@misc{freescale_accel_terminology,
  author = {{Freescale Semiconductor}},
  title = {{How Many Bits are Enough?}},
  howpublished = "\url{http://cache.freescale.com/files/sensors/doc/app_note/AN4075.pdf}",
  year = {2010}, 
  note = "[Online; accessed 04-December-2015]"
}

@misc{analog_accel_guide,
  author  = {{Analog Devices}},
  organization = {Analog Devices},
  title = {{Accelerometer Specifications - Quick Definitions}},
  howpublished = "\url{http://www.analog.com/en/products/landing-pages/001/accelerometer-specifications-definitions.html}",
  year = {2015}, 
  note = "[Online; accessed 01-October-2015]"
}

@misc{digikey_mems_guide,
  author = {Jack Ganssle},
  title = {{A Designer's Guide to MEMS Sensors}},
  howpublished = "\url{http://www.digikey.com/en/articles/techzone/2012/jul/a-designers-guide-to-mems-sensors}",
  year = {2012}, 
  note = "[Online; accessed 01-October-2015]"
}

@misc{g-force,
  author = {Wikipedia},
  title = {{Orders of magnitude (acceleration)}},
  howpublished = "\url{https://en.wikipedia.org/wiki/Orders_of_magnitude_(acceleration)}",
  year = {2015}, 
  note = "[Online; accessed 17-November-2015]"
}


@misc{cmos_power_consumption,
  author = {{Srikanth Iyer}},
  title = {{CMOS Power Consumption}},
  howpublished = "\url{http://large.stanford.edu/courses/2010/ph240/iyer2/}",
  year = {2010}, 
  note = "[Online; accessed 03-November-2015]"
}

@misc{digikey_mems_guide_2,
  author = {Fabio Pasolini},
  title = {{MEMS Accelerometers, Gyroscopes, and Geomagnetic Sensors - Propelling Disruptive Consumer Applications}},
  howpublished = "\url{http://www.digikey.com/en/articles/techzone/2011/apr/mems-accelerometers-gyroscopes-and-geomagnetic-sensors---propelling-disruptive-consumer-applications}",
  year = {2011}, 
  note = "[Online; accessed 01-October-2015]"
}

@misc{lis3dh_appnote,
  author = {{STMicroelectronics}},
  title = {{STMicroelectronics Application Note for LIS3DH (AN3308)}},
  howpublished = "\url{http://www.st.com/web/en/resource/technical/document/application_note/CD00290365.pdf}",
  year = {2011}, 
  note = "[Online; accessed 15-October-2015]"
}

@misc{Endevco,
  author = {{Endevco}},
  title = {{Steps to selecting the right accelerometer}},
  howpublished = "\url{https://www.endevco.com/news/newsletters/2012_07/tp327.pdf}",
  year = {2012},
  month = {07},
  note = "[Online; accessed 11-November-2015]"
}

@manual{ADXL362,
    author  = {{Analog Devices}},
    organization  = "Analog Devices",
    title         = "Micropower, 3-Axis, Digital Output MEMS Accelerometer",
    number        = "ADXL362",
    year          =  2012,
    note          = "Rev. C"
}

@manual{MMA8491Q,
    author        = {{Freescale Semiconductor}},
    organization  = "Freescale Semiconductor",
    title         = "3-Axis Multifunction Digital Accelerometer",
    number        = "MMA8491Q",
    year          =  2012,
    month         =  11,
    note          = "Rev. 2.0"
}

@manual{MC3610,
    organization  = "mCube",
    title         = "3-Axis Accelerometer",
    number        = "MC3610",
    year          =  2015,
    note          = "Rev. 1.2"
}

@manual{KX123,
    organization  = "Kionix",
    title         = "Tri-axis Digital Accelerometer",
    number        = "KX123",
    month         = 03,
    year          =  2015,
    note          = "Rev. 1.0"
}

@manual{LIS3DH,
    organization  = "STMicroelectronics",
    title         = "MEMS digital output motion sensor",
    number        = "LIS3DH",
    month         = 05,
    year          =  2010,
    note          = "Rev. 1.0"
}

@manual{nRF51,
    author        = {{Nordic Semiconductor}},
    organization  = {Nordic Semiconductor},
    title         = "Multiprotocol Bluetooth low energy/2.4 GHz RF System on Chip",
    number        = "nRF51822",
    year          =  2014,
    note          = "v3.1"
}

@book{rausand04,
	Address = {Hoboken, NJ},
	Author = {Rausand, Marvin and H{\o}yland, Arnljot},
	Date-Added = {2011-06-16 11:53:55 +0200},
	Date-Modified = {2011-06-16 11:55:09 +0200},
	Edition = {2nd},
	Publisher = {Wiley},
	Title = {System Reliability Theory: Models, Statistical Methods, and Applications},
	Year = {2004}}
	
@book{maluf04,
	Author = {Maluf, Nadim and Williams, Kirt},
	Date-Added = {2015-09-17 11:53:55 +0200},
	Date-Modified = {2015-09-17 11:53:55 +0200},
	Edition = {2nd},
	Publisher = {Boston : Arteh House},
	Title = {An introduction to microelectromechanical systems engineering},
	Year = {2004}
}

@book{kaajakari09,
	Author = {Kaajakari, Ville},
	Date-Added = {2015-09-30 15:19:55 +0200},
	Date-Modified = {2015-09-30 15:19:55 +0200},
	Edition = {v1.03},
	Publisher = {Small Gear Publishing},
	Title = {Practical MEMS},
	Year = {2009}
}

@book{harlow04,
	Author = {James H. Harlow},
	Date-Added = {2015-09-30 15:19:55 +0200},
	Date-Modified = {2015-09-30 15:19:55 +0200},
	Edition = {v1.00},
	Publisher = {CRC Press},
	Title = {Electric power transformer engineering},
	Year = {2004}
}
